<record><leader>00000cas a22000007a 4500</leader><controlfield tag="001">20028301</controlfield><controlfield tag="008">890718d18901908nduwr ne      0    0eng d</controlfield><datafield ind1=" " ind2=" " tag="010"><subfield code="a">sn 88076408 </subfield></datafield><datafield ind1=" " ind2=" " tag="040"><subfield code="a">NOP</subfield><subfield code="b">eng</subfield><subfield code="c">NOP</subfield><subfield code="d">OCLCQ</subfield></datafield><datafield ind1=" " ind2=" " tag="042"><subfield code="a">msc</subfield></datafield><datafield ind1="0" ind2="4" tag="245"><subfield code="a">The Goose River farmer.</subfield></datafield><datafield ind1="1" ind2="3" tag="246"><subfield code="a">Mayville farmer</subfield></datafield><datafield ind1=" " ind2=" " tag="260"><subfield code="a">Mayville, Traill County, N.D. :</subfield><subfield code="b">Landmanden Pub. Co.</subfield></datafield><datafield ind1=" " ind2=" " tag="300"><subfield code="a">v. :</subfield><subfield code="b">ill. ;</subfield><subfield code="c">54 cm.</subfield></datafield><datafield ind1=" " ind2=" " tag="310"><subfield code="a">Weekly</subfield></datafield><datafield ind1="1" ind2=" " tag="362"><subfield code="a">Began in 1890.</subfield></datafield><datafield ind1=" " ind2=" " tag="500"><subfield code="a">Publisher's block title briefly read: Mayville farmer.</subfield></datafield><datafield ind1=" " ind2=" " tag="500"><subfield code="a">Official paper of Traill County, 1898, 1900-1901, 1903, 1905-1906; official city paper, 1901-1902.</subfield></datafield><datafield ind1=" " ind2=" " tag="530"><subfield code="a">Available on microfilm from the State Historical Society of North Dakota.</subfield></datafield><datafield ind1=" " ind2=" " tag="588"><subfield code="a">Description based on: Vol. 6, no. 45 (Jan. 2, 1896).</subfield></datafield><datafield ind1=" " ind2=" " tag="752"><subfield code="a">United States</subfield><subfield code="b">North Dakota</subfield><subfield code="c">Traill</subfield><subfield code="d">Mayville.</subfield></datafield><datafield ind1="0" ind2="7" tag="785"><subfield code="t">Mayville tribune (Mayville, N.D. : 1890)</subfield><subfield code="w">(DLC)sn 88076400</subfield></datafield><datafield ind1="0" ind2="7" tag="785"><subfield code="t">Mayville tribune and the Goose River farmer</subfield><subfield code="w">(DLC)sn 88076401</subfield></datafield></record>